% Encoding: UTF-8

@Article{Mantiuk2006,
  author  = {Mantiuk, Rafal and Myszkowski, Karol and Seidel, Hans-Peter},
  title   = {A Perceptual Framework for Contrast Processing of High Dynamic Range Images},
  journal = {ACM Transactions on Applied Perception },
  year    = {2006},
}

@InProceedings{Ritschel2009,
  author    = {Tobias Ritschel and Matthias Ihrke and Jeppe Revall Frisvad and Joris Coppens and Karol Myszkowski and Hans-Peter Seidel},
  title     = {Temporal Glare: Real-Time Dynamic Simulation of the Scattering in the Human Eye},
  booktitle = {Proceedings Eurographics},
  year      = {2009},
}

@InProceedings{Kakimoto2004,
  author    = {Kakimoto, Masanori and Matsuoka, Kaoru and Nishita, Tomoyuki and Naemura, Takeshi and Harashima, Hiroshi},
  title     = {Glare Generation Based on Wave Optics},
  booktitle = {Proceedings of the Computer Graphics and Applications, 12\textsuperscript{th} Pacific Conference},
  year      = {2004},
}

@InProceedings{Spencer1995,
  author    = {Spencer, Greg and Shirley, Peter and Zimmerman, Kurt and Greenberg, Donald P.},
  title     = {Physically-based Glare Effects for Digital Images},
  booktitle = {Proceedings of the 22\textsuperscript{nd} Annual Conference on Computer Graphics and Interactive Techniques},
  year      = {1995},
}

@Misc{Pfstools,
  author  = {Mantiuk, Rafal and others},
  title   = {pfstools},
  year    = {2016},
  url     = {http://pfstools.sourceforge.net/index.html},
  urldate = {2017-08-12},
}

@Misc{GlareDemo,
  author  = {Jeppe Revall Frisvad},
  title   = {Glare demo},
  year    = {2009},
  url     = {http://people.compute.dtu.dk/jerf/code/glare_demo.zip},
  urldate = {2017-08-12},
}

@Misc{DirectXTex,
  author  = {Microsoft},
  title   = {DirectXTex},
  year    = {2017},
  url     = {https://github.com/Microsoft/DirectXTex},
  urldate = {2017-08-12},
}

@Article{Lindeberg1998,
  author  = {Lindeberg, Tony},
  title   = {Feature Detection with Automatic Scale Selection},
  journal = {International Journal of Computer Vision},
  year    = {1998},
}

@Misc{IntelFFT,
  author  = {Joseph S.},
  title   = {Fast Fourier Transform for Image Processing in DirectX 11},
  year    = {2015},
  url     = {https://software.intel.com/en-us/articles/fast-fourier-transform-for-image-processing-in-directx-11},
  urldate = {2017-08-18},
}

@Article{Reinhard2002,
  author  = {Reinhard, Erik and Stark, Michael and Shirley, Peter and Ferwerda, James},
  title   = {Photographic Tone Reproduction for Digital Images},
  journal = {ACM Transactions on Graphics},
  year    = {2002},
}

@Misc{SwapChainPanelInterop,
  author  = {Microsoft},
  title   = {XAML SwapChainPanel DirectX interop sample},
  year    = {2013},
  url     = {https://code.msdn.microsoft.com/windowsapps/XAML-SwapChainPanel-00cb688b},
  urldate = {2017-09-19},
}

@Article{Wyman2013,
  author  = {Chris Wyman and Peter-Pike Sloan and and Peter Shirley},
  title   = {Simple Analytic Approximations to the CIE XYZ Color Matching Functions},
  journal = {Journal of Computer Graphics Techniques},
  year    = {2013},
}

@Misc{sRGB,
  author  = {{International Color Consortium}},
  title   = {How to interpret the sRGB color space (specified in IEC 61966-2-1) for ICC profiles},
  year    = {2015},
  url     = {http://www.color.org/chardata/rgb/sRGB.pdf},
  urldate = {2017-09-19},
}

@Misc{Luminance,
  author  = {{International Telecommunication Union}},
  title   = {Recommendation ITU-R BT.709-6:Â Parameter values for the HDTV standards for production and international programme exchange},
  year    = {2015},
  url     = {http://www.itu.int/rec/R-REC-BT.709},
  urldate = {2017-09-19},
}

@Comment{jabref-meta: databaseType:bibtex;}
